@book{haberman,
	author = {Richard Haberman},
	title = {Elementary Applied Partial Differential Equations},
	year = {1987},
	edition = {Second},
	publisher = {Prentice Hall},
	subtitle = {with Fourier Series and Boundary Value Problems},
	isbn = {0-13-252875-4}
}
@misc{dawkinsnotes,
	author = {Paul Dawkins},
	title = {Paul's Online Math Notes: Differential Equations},
	date = {2015},
	howpublished = {\url{http://tutorial.math.lamar.edu/Classes/DE/DE.aspx}},
	note = {En ligne ; accédé en août 2017},
	url = {http://tutorial.math.lamar.edu/Classes/DE/DE.aspx},
	urldate = {2017-08-05},
	organization = {University of Lamar},
}
%TODO corriger : ce n'est pas misc, c'est un article non-article
@misc{levandoskyfirst,
	author = {Julie Levandosky},
	title = {First-Order Equations: Method of Characteristics},
	howpublished = {\url{https://web.stanford.edu/class/math220a/handouts/firstorder.pdf}},
	note = {Document PDF en ligne ; accédé en août 2017},
	organization = {Stanford University},
	year = {2002},
	url = {https://web.stanford.edu/class/math220a/handouts/firstorder.pdf},
	urldate = {2017-08-05},
}
@misc{levandoskyfiles,
	author = {Julie Levandosky},
	title = {Math 220A: Partial Differential Equations of Applied Mathematics},
	howpublished = {\url{https://web.stanford.edu/class/math220a/handouts/}},
	note = {Liste des documents du site ; accédé en août 2017},
	organization = {Stanford University},
	year = {2002},
	url = {https://web.stanford.edu/class/math220a/handouts/},
	urldate = {2017-08-05},
}
@misc{levandoskycourse,
	author = {Julie Levandosky},
	title = {Math 220A: Partial Differential Equations of Applied Mathematics},
	howpublished = {\url{https://web.stanford.edu/class/math220a/}},
	note = {Accédé en août 2017},
	organization = {Stanford University},
	year = {2002},
	url = {https://web.stanford.edu/class/math220a/},
	urldate = {2017-08-05},
}
@misc{petersdorff,
	author = {Tobias von Petersdorff},
	title = {Math 462: Partial Differential Equations for Scientists and Engineers: First order PDE and method of characteristics},
	year = {2012},
	howpublished = {\url{http://www2.math.umd.edu/~petersd/462/charact.pdf}},
	note = {Accédé en août 2017},
	organization = {University of Maryland, Department of mathematics},
	url = {http://www2.math.umd.edu/~petersd/462/charact.pdf},
	urldate = {2017-08-13},
}
@misc{salihthiru,
	author = {A. Salih},
	title = {Method of characteristics},
	year = {2016},
	howpublished = {\url{https://www.iist.ac.in/sites/default/files/people/IN08026/MoC_0.pdf}},
	organization = {Indian Institute of Space Science and Technology, Thiruvananthapuram},
	url = {https://www.iist.ac.in/sites/default/files/people/IN08026/MoC_0.pdf},
	urldate = {2017-08-13},
}
date: 1 july 2016
Department of Aerospace Engineering

@misc{xinweiyu,
	author = {Xinwei Yu},
	title = {Method of Characteristics},
	year = {2012},
	howpublished = {\url{https://www.math.ualberta.ca/~xinweiyu/436.A1.12f/PDE_Meth_Characteristics.pdf}},
	organization = {University of Alberta, Department of Mathematical and Statistical Sciences},
	url = {https://www.math.ualberta.ca/~xinweiyu/436.A1.12f/PDE_Meth_Characteristics.pdf},
	urldate = {2017-08-13},
}

